<record><leader>00000cas a2200000 a 4500</leader><controlfield tag="001">2259420</controlfield><controlfield tag="008">760620d18101840scudn ne      0   a0eng c</controlfield><datafield ind1=" " ind2=" " tag="010"><subfield code="a">sn 83025764 </subfield></datafield><datafield ind1=" " ind2=" " tag="040"><subfield code="a">PIT</subfield><subfield code="b">eng</subfield><subfield code="c">PIT</subfield><subfield code="d">NPV</subfield><subfield code="d">NPU</subfield><subfield code="d">DLC</subfield><subfield code="d">NPX</subfield><subfield code="d">NPA</subfield><subfield code="d">PPM</subfield><subfield code="d">NPH</subfield><subfield code="d">NVF</subfield><subfield code="d">MGN</subfield><subfield code="d">SVN</subfield><subfield code="d">CNK</subfield><subfield code="d">DLC</subfield><subfield code="d">HLS</subfield><subfield code="d">OCL</subfield><subfield code="d">CRL</subfield><subfield code="d">NYS</subfield><subfield code="d">OCLCQ</subfield><subfield code="d">NYS</subfield><subfield code="d">OCLCQ</subfield><subfield code="d">DLC</subfield><subfield code="d">OCLCG</subfield><subfield code="d">BUF</subfield><subfield code="d">OCLCQ</subfield><subfield code="d">OCLCF</subfield><subfield code="d">OCLCO</subfield><subfield code="d">CUS</subfield></datafield><datafield ind1=" " ind2=" " tag="042"><subfield code="a">pcc</subfield></datafield><datafield ind1=" " ind2=" " tag="043"><subfield code="a">n-us-sc</subfield></datafield><datafield ind1=" " ind2=" " tag="045"><subfield code="a">v8w4</subfield></datafield><datafield ind1="1" ind2="4" tag="050"><subfield code="a">AN296</subfield><subfield code="b">.C57</subfield></datafield><datafield ind1=" " ind2=" " tag="052"><subfield code="a">3913</subfield><subfield code="b">C3</subfield></datafield><datafield ind1="0" ind2="0" tag="245"><subfield code="a">City gazette and commercial daily advertiser.</subfield></datafield><datafield ind1="1" ind2="3" tag="246"><subfield code="a">City gazette &amp; commercial daily advertiser</subfield><subfield code="f">&lt;1830-1832&gt;</subfield></datafield><datafield ind1=" " ind2=" " tag="260"><subfield code="a">Charleston [S.C.] :</subfield><subfield code="b">E.S. Thomas,</subfield><subfield code="c">1810-[1840]</subfield></datafield><datafield ind1=" " ind2=" " tag="300"><subfield code="a">v. :</subfield><subfield code="b">ill. (chiefly advertisements) ;</subfield><subfield code="c">52 cm.</subfield></datafield><datafield ind1=" " ind2=" " tag="310"><subfield code="a">Daily (except Sunday)</subfield></datafield><datafield ind1="0" ind2=" " tag="362"><subfield code="a">Vol. 29, no. 9806 (July 2, 1810)-</subfield></datafield><datafield ind1="1" ind2=" " tag="362"><subfield code="a">Ceased in 1840.</subfield></datafield><datafield ind1=" " ind2=" " tag="500"><subfield code="a">Published as: City gazette &amp; commercial daily advertiser, &lt;1830-1832&gt;.</subfield></datafield><datafield ind1=" " ind2=" " tag="500"><subfield code="a">Publishers: E.S. Thomas, 1810-&lt;1815&gt;; Skinner &amp; Whilden, &lt;1818&gt;-1819; Joseph Whilden, 1820-1822; John Geddes, Jr., 1822-&lt;1824&gt;; James Haig, &lt;1826-1827&gt;; Published for the Proprietors, by Theodore L. Smith, &lt;1828&gt;; Simms &amp; Duryea, &lt;Jan. 1, 1830-Apr. 5, 1831&gt;; William Gilmore Simms, &lt;Apr. 9, 1832-May 11, 1832&gt;; William Laurens Poole, &lt;1832&gt;</subfield></datafield><datafield ind1=" " ind2=" " tag="515"><subfield code="a">Issues for &lt;Sept. 21, 1829-May 11, 1832&gt; called also: whole no. &lt;15,783-16,600&gt;</subfield></datafield><datafield ind1=" " ind2=" " tag="530"><subfield code="a">Also issued on microfilm from the University of South Carolina.</subfield></datafield><datafield ind1=" " ind2="0" tag="651"><subfield code="a">Charleston (S.C.)</subfield><subfield code="v">Newspapers.</subfield></datafield><datafield ind1=" " ind2="0" tag="651"><subfield code="a">Charleston County (S.C.)</subfield><subfield code="v">Newspapers.</subfield></datafield><datafield ind1=" " ind2="7" tag="651"><subfield code="a">South Carolina</subfield><subfield code="z">Charleston.</subfield><subfield code="2">fast</subfield><subfield code="0">(OCoLC)fst01204603</subfield></datafield><datafield ind1=" " ind2="7" tag="651"><subfield code="a">South Carolina</subfield><subfield code="z">Charleston County.</subfield><subfield code="2">fast</subfield><subfield code="0">(OCoLC)fst01210029</subfield></datafield><datafield ind1=" " ind2="7" tag="655"><subfield code="a">Newspapers.</subfield><subfield code="2">fast</subfield><subfield code="0">(OCoLC)fst01423814</subfield></datafield><datafield ind1="1" ind2=" " tag="700"><subfield code="a">Skinner, Samuel Haviland.</subfield></datafield><datafield ind1="1" ind2=" " tag="700"><subfield code="a">Whilden, Joseph.</subfield></datafield><datafield ind1="1" ind2=" " tag="700"><subfield code="a">Thomas, Ebenezer Smith,</subfield><subfield code="d">1775-1845.</subfield></datafield><datafield ind1=" " ind2=" " tag="752"><subfield code="a">United States</subfield><subfield code="b">South Carolina</subfield><subfield code="c">Charleston</subfield><subfield code="d">Charleston.</subfield></datafield><datafield ind1="1" ind2=" " tag="775"><subfield code="t">Carolina gazette</subfield><subfield code="w">(DLC)sn 83025794</subfield><subfield code="w">(OCoLC)9803212</subfield></datafield><datafield ind1="0" ind2="0" tag="780"><subfield code="t">City gazette and daily advertiser (Charleston, S.C. : 1806)</subfield><subfield code="w">(DLC)sn 85041111</subfield><subfield code="w">(OCoLC)12394774</subfield></datafield><datafield ind1="4" ind2="1" tag="856"><subfield code="3">01/03/1812 to 12/30/1826</subfield><subfield code="u">http://infoweb.newsbank.com/?db=EANX&amp;s_browseRef=decades/1089C6C0AF0CEFE8/all.xml</subfield></datafield><datafield ind1="1" ind2=" " tag="029"><subfield code="a">AU@</subfield><subfield code="b">000020293333</subfield></datafield></record>